%INDEX TRACKING
@article{source2,
  author={Purity Mutunge, Dag Haugland},
  title={Minimizing the tracking error of cardinality constrained portfolios},
  journal={Computers &amp; Operations Research},
  year={2018}
}
@article{source3,
  author={Ruiz-Torrubiano \& Suárez},
  title={A hybrid optimization approach to index tracking},
  journal={Annals of Operations Research},
  year={2008}
}

%AMPL
@book{ampl,
author={Fourer,Robert and Gay,David M. and Kernighan,Brian W.},
year={2003},
title={AMPL: a modeling language for mathematical programming},
publisher={Thomson/Brooks/Cole},
address={London;Pacific Grove, CA;},
edition={2nd},
keywords={Linear programming; Programming (Mathematics)},
isbn={0534388094;9780534388096;},
language={English},
}

%REFINITIV
 @misc{refinitiv, 
 title={About Us}, 
 url={https://www.refinitiv.com/en/about-us#:~:text=Refinitiv\%2C\%20an\%20LSEG\%20}, 
 note ={Visited on 2023-03-03},
 journal={Refinitiv}
 } 

%ASSET
@misc{asset, 
 title={About Us}, 
 url={https://www.investopedia.com/terms/a/asset.asp}, 
 note ={Visited on 2023-03-08},
 journal={Refinitiv}
 } 

 %PORTFOLIO

%CAPITAL MARKET VALUE
  @misc{fidelity, 
  title={What is market cap?}, url={https://www.fidelity.com/learning-center/trading-investing/fundamental-analysis/understanding-market-capitalization#:~:text=Market\%20cap\%E2\%80\%94or\%20market\%20capitalization,market\%20cap\%20of\%20\%241\%20billion.},
  note ={Visited on 2023-02-26},
  journal={Fidelity}
  
  } 

 @misc{fernando_2023, 
 title={Market capitalization: How is it calculated and what does it tell investors?}, 
 url={https://www.investopedia.com/terms/m/marketcapitalization.asp}, 
 journal={Investopedia}, 
 publisher={Investopedia}, 
 author={Fernando, Jason},
 year={2023}, month={Jan},
 note ={Visited on 2023-02-15}
 } 

 %MODERN PORTFOLIO THEORY
 @misc{source5, 
  title={Modern portfolio theory: What MPT is and how investors use it}, 
  url={https://www.investopedia.com/terms/m/modernportfoliotheory.asp}, 
  journal={Investopedia}, 
  publisher={Investopedia}, 
  author={Team, The Investopedia}, 
  year={2021}, 
  month={Sept},
  note ={Visited on 2022-10-13}
} 
@misc{source6, 
  title={Efficient frontier: What it is and how investors use it}, url={https://www.investopedia.com/terms/e/efficientfrontier.asp}, journal={Investopedia}, publisher={Investopedia},
  author={Ganti, Akhilesh},
  year={2022}, 
  month={May},
  note ={Visited on 2022-10-13}
} 

@article{10.2307/2975974,
 ISSN = {00221082, 15406261},
 URL = {http://www.jstor.org/stable/2975974},
 author = {Harry Markowitz},
 journal = {The Journal of Finance},
 number = {1},
 pages = {77--91},
 publisher = {[American Finance Association, Wiley]},
 title = {Portfolio Selection},
 urldate = {2023-03-13},
 volume = {7},
 year = {1952}
}

%CAPM
@article{elbannan2015capital,
  title={The capital asset pricing model: an overview of the theory},
  author={Elbannan, Mona A},
  journal={International Journal of Economics and Finance},
  volume={7},
  number={1},
  pages={216--228},
  year={2015}
}

@book{textbook,
author={Watson, Denzil and Head, Antony},
year={2018},
title={Corporate finance: principles and practice},
publisher={Pearson Education Limited},
address={Harlow, Essex, England},
edition={Eighth},
keywords={Corporations; Finance},
isbn={9781292244334;129224433X;},
language={English},
pages = {235--272}
}

@misc{source7, 
 title={Capital Asset Pricing Model (CAPM) and assumptions explained}, url={https://www.investopedia.com/terms/c/capm.asp#:~:text=The\%20capital\%20asset\%20pricing\%20model\%20\%2D\%20or\%20CAPM\%20\%2D\%20is\%20a\%20financial,to\%20the\%20market\%20(beta).},
 journal={Investopedia}, 
 publisher={Investopedia}, 
 author={Kenton, Will}, 
 year={2022}, 
 month={Oct},
 note ={Visited on 2022-10-16}
 } 

%Genetic Algorithm
 @article{beasley1993overview,
  title={An overview of genetic algorithms: Part 1, fundamentals},
  author={Beasley, David and Bull, David R and Martin, Ralph Robert},
  journal={University computing},
  volume={15},
  number={2},
  pages={56--69},
  year={1993}
}

@book{source4,
    author={Eyal Wirsansky},
    title={Hands-on genetic algorithms with python},
    publisher={Packt},
    year={2020},
}

@article{source1,
  author={Sourabh Katoch, Sumit Singh Chauhan, Vijay Kumar},
  title={A review on genetic algorithm: past, present, and future},
  journal={Multimedia Tools and Application},
  year={2020}
}

%OTHER ALGORITHM
@article{zanjirdar2020overview,
  title={Overview of portfolio optimization models},
  author={Zanjirdar, Majid},
  journal={Advances in mathematical finance and applications},
  volume={5},
  number={4},
  pages={419--435},
  year={2020},
  publisher={IA University of Arak}
}

 @misc{kolay_boulay_d’ettorre_2020, 
 title={Regulation of ant foraging: A review of the role of information use and personality}, 
 url={https://www.frontiersin.org/articles/10.3389/fpsyg.2020.00734/full}, 
 journal={Frontiers}, 
 publisher={Frontiers}, 
 author={Kolay, Swetashree and Boulay, Raphaël and d’Ettorre, Patrizia}, 
 year={2020}, 
 month={Mar},
 note ={Visited on 2023-03-06}
 } 

 % STATE OF THE ART
 @article{bermudez2012multi,
  title={A multi-objective genetic algorithm for cardinality constrained fuzzy portfolio selection},
  author={Berm{\'u}dez, Jos{\'e} D and Segura, Jos{\'e} Vicente and Vercher, Enriqueta},
  journal={Fuzzy Sets and Systems},
  volume={188},
  number={1},
  pages={16--26},
  year={2012},
  publisher={Elsevier}
}

@inproceedings{murata1995moga,
  title={MOGA: multi-objective genetic algorithms},
  author={Murata, Tadahiko and Ishibuchi, Hisao and others},
  booktitle={IEEE international conference on evolutionary computation},
  volume={1},
  pages={289--294},
  year={1995},
  organization={IEEE Piscataway, NJ, USA}
}

@article{el2006hybrid,
  title={Hybrid Genetic Algorithms: A Review.},
  author={El-Mihoub, Tarek A and Hopgood, Adrian A and Nolle, Lars and Battersby, Alan},
  journal={Eng. Lett.},
  volume={13},
  number={2},
  pages={124--137},
  year={2006},
  publisher={Citeseer}
}

%CPLEX
  @misc{IBMsolver, 
  url={https://www.ibm.com/docs/en/icos/12.10.0?topic=concepts-branch-cut-in-cplex},note ={Visited on 2023-03-18},
  journal={Branch and CUT IN CPLEX}} 

 @misc{amplsolver, 
 title={Cplex for AMPL}, 
 url={https://ampl.com/products/solvers/solvers-we-sell/cplex/}, 
 note ={Visited on 2023-03-18},
 journal={AMPL}} 

@article{noofportfolio,
  title={Messy portfolios and the 'be busy' syndrome },
  author={Merryn Somerset Webb},
  journal={Financial Times},
  month={May},
  year={2014},
  publisher={Financial Times}
}